<record><leader>00000cas a22000007a 4500</leader><controlfield tag="001">15293909</controlfield><controlfield tag="008">870310d18551856inuwr ne      0    0eng d</controlfield><datafield ind1=" " ind2=" " tag="010"><subfield code="a">sn 87055319 </subfield></datafield><datafield ind1=" " ind2=" " tag="040"><subfield code="a">NPI</subfield><subfield code="b">eng</subfield><subfield code="c">NPI</subfield><subfield code="d">OCLCQ</subfield></datafield><datafield ind1=" " ind2=" " tag="042"><subfield code="a">msc</subfield></datafield><datafield ind1="0" ind2="0" tag="245"><subfield code="a">Peru weekly news.</subfield></datafield><datafield ind1=" " ind2=" " tag="260"><subfield code="a">Peru, Ind. :</subfield><subfield code="b">Henry A. Holderman, Edmund Holderman,</subfield><subfield code="c">1855-</subfield></datafield><datafield ind1=" " ind2=" " tag="310"><subfield code="a">Weekly</subfield></datafield><datafield ind1="0" ind2=" " tag="362"><subfield code="a">Vol. 1, no. 1 (May 19, 1855)-</subfield></datafield><datafield ind1="1" ind2=" " tag="362"><subfield code="a">Ceased in Oct. 1856.</subfield></datafield><datafield ind1=" " ind2=" " tag="588"><subfield code="a">Latest issue consulted: Vol. 1, no. 46 (Aug. 30, 1856)</subfield></datafield><datafield ind1=" " ind2=" " tag="752"><subfield code="a">United States</subfield><subfield code="b">Indiana</subfield><subfield code="c">Miami</subfield><subfield code="d">Peru.</subfield></datafield><datafield ind1="0" ind2="0" tag="785"><subfield code="t">Peru Republican</subfield><subfield code="w">(DLC)sn 84038000</subfield><subfield code="w">(OCoLC)11172031</subfield></datafield></record>